<?xml version="1.0" encoding="UTF-8"?><collection xmlns="http://www.loc.gov/MARC21/slim"><record><leader>00363nam--2200109-i-4500</leader><controlfield tag="001">000018863</controlfield><controlfield tag="002">20161230</controlfield><controlfield tag="005">20161230201032</controlfield><controlfield tag="008">060222s1000------------r-----000-0-eng-d</controlfield><datafield ind1=" " ind2=" " tag="245"><subfield code="a">Troisieme congres de calcul et de traitement de l information afcalti.publie avec le concurs du c.n.r.s. toulouse 14-17 mai 1963</subfield></datafield><datafield ind1=" " ind2=" " tag="260"><subfield code="a">Paris, Dunod, 1965. Ix + 406 P</subfield></datafield><datafield ind1=" " ind2=" " tag="852"><subfield code="a">23951</subfield></datafield></record></collection>